[gd_scene load_steps=8 format=2]

[ext_resource path="res://src/touch_controls/touch_controls.gd" type="Script" id=1]
[ext_resource path="res://static_assets/ui/icons/arrowUp.png" type="Texture" id=2]
[ext_resource path="res://static_assets/ui/icons/arrowLeft.png" type="Texture" id=3]
[ext_resource path="res://static_assets/ui/icons/arrowRight.png" type="Texture" id=4]
[ext_resource path="res://static_assets/ui/icons/arrowDown.png" type="Texture" id=5]
[ext_resource path="res://static_assets/ui/icons/buttonA.png" type="Texture" id=6]
[ext_resource path="res://static_assets/ui/icons/buttonB.png" type="Texture" id=7]

[node name="TouchControls" type="Control"]
anchor_right = 1.0
anchor_bottom = 1.0
script = ExtResource( 1 )

[node name="DirectionalControls" type="VBoxContainer" parent="."]
anchor_top = 1.0
anchor_bottom = 1.0
margin_top = -176.0
margin_right = 128.0

[node name="CenterContainer" type="CenterContainer" parent="DirectionalControls"]
margin_right = 128.0
margin_bottom = 56.0

[node name="Up" type="Button" parent="DirectionalControls/CenterContainer"]
margin_left = 33.0
margin_right = 95.0
margin_bottom = 56.0
icon = ExtResource( 2 )

[node name="HBoxContainer" type="HBoxContainer" parent="DirectionalControls"]
margin_top = 60.0
margin_right = 128.0
margin_bottom = 116.0

[node name="Left" type="Button" parent="DirectionalControls/HBoxContainer"]
margin_right = 62.0
margin_bottom = 56.0
icon = ExtResource( 3 )

[node name="Right" type="Button" parent="DirectionalControls/HBoxContainer"]
margin_left = 66.0
margin_right = 128.0
margin_bottom = 56.0
icon = ExtResource( 4 )

[node name="CenterContainer2" type="CenterContainer" parent="DirectionalControls"]
margin_top = 120.0
margin_right = 128.0
margin_bottom = 176.0

[node name="Down" type="Button" parent="DirectionalControls/CenterContainer2"]
margin_left = 33.0
margin_right = 95.0
margin_bottom = 56.0
icon = ExtResource( 5 )

[node name="FaceButtons" type="HBoxContainer" parent="."]
anchor_left = 1.0
anchor_top = 1.0
anchor_right = 1.0
anchor_bottom = 1.0
margin_left = -128.0
margin_top = -56.0

[node name="A" type="Button" parent="FaceButtons"]
margin_right = 62.0
margin_bottom = 56.0
icon = ExtResource( 6 )

[node name="B" type="Button" parent="FaceButtons"]
margin_left = 66.0
margin_right = 128.0
margin_bottom = 56.0
icon = ExtResource( 7 )

[node name="Pause" type="Button" parent="."]
anchor_left = 1.0
anchor_right = 1.0
margin_left = -53.0
margin_bottom = 20.0
text = "PAUSE"
[connection signal="button_down" from="DirectionalControls/CenterContainer/Up" to="." method="_on_button_down" binds= [ "move_forward" ]]
[connection signal="button_up" from="DirectionalControls/CenterContainer/Up" to="." method="_on_button_up" binds= [ "move_forward" ]]
[connection signal="button_down" from="DirectionalControls/HBoxContainer/Left" to="." method="_on_button_down" binds= [ "move_left" ]]
[connection signal="button_up" from="DirectionalControls/HBoxContainer/Left" to="." method="_on_button_up" binds= [ "move_left" ]]
[connection signal="button_down" from="DirectionalControls/HBoxContainer/Right" to="." method="_on_button_down" binds= [ "move_right" ]]
[connection signal="button_up" from="DirectionalControls/HBoxContainer/Right" to="." method="_on_button_up" binds= [ "move_right" ]]
[connection signal="button_down" from="DirectionalControls/CenterContainer2/Down" to="." method="_on_button_down" binds= [ "move_back" ]]
[connection signal="button_up" from="DirectionalControls/CenterContainer2/Down" to="." method="_on_button_up" binds= [ "move_back" ]]
[connection signal="button_down" from="FaceButtons/A" to="." method="_on_button_down" binds= [ "grab_and_drop" ]]
[connection signal="button_up" from="FaceButtons/A" to="." method="_on_button_up" binds= [ "grab_and_drop" ]]
[connection signal="button_down" from="FaceButtons/B" to="." method="_on_button_down" binds= [ "interact" ]]
[connection signal="button_up" from="FaceButtons/B" to="." method="_on_button_up" binds= [ "interact" ]]
[connection signal="button_down" from="Pause" to="." method="_on_button_down" binds= [ "pause" ]]
[connection signal="button_up" from="Pause" to="." method="_on_button_up" binds= [ "pause" ]]
