[gd_scene load_steps=11 format=2]

[ext_resource path="res://src/levels/level_common.tscn" type="PackedScene" id=1]
[ext_resource path="res://src/levels/1/walls.tres" type="Material" id=2]
[ext_resource path="res://src/levels/1/pattern14.png" type="Texture" id=3]
[ext_resource path="res://src/lantern/lantern.tscn" type="PackedScene" id=4]
[ext_resource path="res://src/levels/1/door_group.gd" type="Script" id=5]
[ext_resource path="res://src/gadgets/door/door.tscn" type="PackedScene" id=6]
[ext_resource path="res://src/gadgets/sconce/sconce.tscn" type="PackedScene" id=7]
[ext_resource path="res://src/gadgets/pressure_switch/pressure_switch.tscn" type="PackedScene" id=8]

[sub_resource type="SpatialMaterial" id=1]
albedo_texture = ExtResource( 3 )
uv1_scale = Vector3( 10, 10, 1 )

[sub_resource type="GDScript" id=2]
script/source = "tool
extends StaticBody

signal activated
signal deactivated

export var is_lit = false

func _ready():
	if is_lit:
		$AnimationPlayer.play(\"lit\")
	else:
		$AnimationPlayer.play(\"unlit\")

func ignite():
	if is_lit:
		return
	is_lit = true
	$AnimationPlayer.play(\"lit\")
	emit_signal(\"activated\")

func snuff_out():
	if !is_lit:
		return
	is_lit = false
	$AnimationPlayer.play(\"unlit\")
	emit_signal(\"deactivated\")"

[node name="LevelOne" type="Spatial"]

[node name="LevelCommon" parent="." instance=ExtResource( 1 )]

[node name="Player" parent="LevelCommon" index="3"]
transform = Transform( 1, 0, 0, 0, 1, 0, 0, 0, 1, 4, 1, 1 )

[node name="Environment" type="Node" parent="."]
editor/display_folded = true

[node name="CSGCombiner" type="CSGCombiner" parent="Environment"]
use_collision = true

[node name="Outside" type="CSGCombiner" parent="Environment/CSGCombiner"]
use_collision = true

[node name="RoomTwo" type="CSGBox" parent="Environment/CSGCombiner/Outside"]
transform = Transform( 1, 0, 0, 0, 1, 0, 0, 0, 1, 4, 2, -9 )
invert_faces = true
width = 12.0
height = 4.0
depth = 7.0
material = ExtResource( 2 )

[node name="RoomOne" type="CSGBox" parent="Environment/CSGCombiner/Outside"]
transform = Transform( 1, 0, 0, 0, 1, 0, 0, 0, 1, 4, 2, -1 )
invert_faces = true
width = 7.0
height = 4.0
depth = 7.0
material = ExtResource( 2 )

[node name="DoorCutout" type="CSGBox" parent="Environment/CSGCombiner/Outside"]
transform = Transform( 1, 0, 0, 0, 1, 0, 0, 0, 1, 4, 1, -5 )
invert_faces = true
material = ExtResource( 2 )

[node name="Floor" type="CSGBox" parent="Environment/CSGCombiner"]
transform = Transform( 1, 0, 0, 0, 1, 0, 0, 0, 1, 2, 0, 2 )
operation = 2
invert_faces = true
width = 50.0
height = 0.002
depth = 50.0
material = SubResource( 1 )

[node name="Lantern" parent="." instance=ExtResource( 4 )]
transform = Transform( 1, 0, 0, 0, 1, 0, 0, 0, 1, 4, 0, 0 )

[node name="DoorGroup" type="Node" parent="."]
editor/display_folded = true
script = ExtResource( 5 )

[node name="Door" parent="DoorGroup" instance=ExtResource( 6 )]
transform = Transform( 1, 0, 0, 0, 1, 0, 0, 0, 1, 4, 0, -5 )

[node name="Sconce1" parent="DoorGroup" instance=ExtResource( 7 )]
editor/display_folded = true
transform = Transform( 1, 0, 0, 0, 1, 0, 0, 0, 1, 2, 0, -4 )
script = SubResource( 2 )
is_lit = false

[node name="Sconce2" parent="DoorGroup" instance=ExtResource( 7 )]
editor/display_folded = true
transform = Transform( 1, 0, 0, 0, 1, 0, 0, 0, 1, 6, 0, -4 )

[node name="PressureSwitch" parent="." instance=ExtResource( 8 )]
transform = Transform( 1, 0, 0, 0, 1, 0, 0, 0, 1, 4, 0, -10 )
[connection signal="open_door" from="DoorGroup" to="DoorGroup/Door" method="_on_activated"]
[connection signal="activated" from="DoorGroup/Sconce1" to="DoorGroup" method="sconce_lit" binds= [ 1 ]]
[connection signal="activated" from="DoorGroup/Sconce2" to="DoorGroup" method="sconce_lit" binds= [ 2 ]]
[connection signal="activated" from="PressureSwitch" to="LevelCommon/EndScreen" method="open"]

[editable path="LevelCommon"]
