[gd_scene load_steps=10 format=2]

[ext_resource path="res://src/gadgets/conveyor/conveyor.gd" type="Script" id=1]
[ext_resource path="res://src/gadgets/conveyor/y_scrolling.shader" type="Shader" id=2]
[ext_resource path="res://src/gadgets/conveyor/conveyor.png" type="Texture" id=3]




[sub_resource type="CubeMesh" id=1]
size = Vector3( 1, 0.1, 1 )

[sub_resource type="SpatialMaterial" id=2]
albedo_color = Color( 0, 0, 0, 1 )

[sub_resource type="ConvexPolygonShape" id=3]
points = PoolVector3Array( -0.5, 0.05, 0.5, 0.5, 0.05, -0.5, 0.5, 0.05, 0.5, -0.5, 0.05, -0.5, -0.5, -0.05, 0.5, 0.5, -0.05, -0.5, 0.5, -0.05, 0.5, -0.5, -0.05, -0.5, 0.5, 0.05, 0.5, -0.5, 0.05, -0.5, 0.5, 0.05, -0.5, -0.5, 0.05, 0.5, 0.5, -0.05, 0.5, -0.5, -0.05, -0.5, 0.5, -0.05, -0.5, -0.5, -0.05, 0.5, 0.5, 0.05, 0.5, -0.5, -0.05, 0.5, -0.5, 0.05, 0.5, 0.5, -0.05, 0.5, 0.5, 0.05, -0.5, -0.5, -0.05, -0.5, -0.5, 0.05, -0.5, 0.5, -0.05, -0.5 )

[sub_resource type="PlaneMesh" id=4]
size = Vector2( 1, 1 )

[sub_resource type="ShaderMaterial" id=7]
shader = ExtResource( 2 )
shader_param/speed = 1.0
shader_param/tileScaleX = 1.0
shader_param/tileScaleY = 1.0
shader_param/is_active = true
shader_param/texture_albedo = ExtResource( 3 )

[sub_resource type="BoxShape" id=6]
extents = Vector3( 0.5, 0.05, 0.5 )

[node name="Conveyor" type="StaticBody"]
transform = Transform( 1, 0, 0, 0, 1, 0, 0, 0, 1, 0, 0.05, 0 )
collision_mask = 6
script = ExtResource( 1 )

[node name="ConveyorBottom" type="MeshInstance" parent="."]
mesh = SubResource( 1 )
material/0 = SubResource( 2 )

[node name="CollisionShape" type="CollisionShape" parent="."]
shape = SubResource( 3 )

[node name="ConveyorTop" type="MeshInstance" parent="."]
transform = Transform( 1, 0, 0, 0, 1, 0, 0, 0, 1, 0, 0.06, 0 )
mesh = SubResource( 4 )
material/0 = SubResource( 7 )

[node name="MoveArea" type="Area" parent="."]
collision_mask = 6

[node name="CollisionShape" type="CollisionShape" parent="MoveArea"]
transform = Transform( 1, 0, 0, 0, 1, 0, 0, 0, 1, 0, 0.1, 0 )
shape = SubResource( 6 )
[connection signal="body_entered" from="MoveArea" to="." method="_on_MoveArea_body_entered"]
[connection signal="body_exited" from="MoveArea" to="." method="_on_MoveArea_body_exited"]
